<?xml version="1.0" encoding="UTF-8"?><record xmlns="http://www.loc.gov/MARC21/slim" xmlns:cinclude="http://apache.org/cocoon/include/1.0" xmlns:zs="http://www.loc.gov/zing/srw/">
  <leader>00463nz  a2200145n  4500</leader>
  <controlfield tag="001">nb2009023853</controlfield>
  <controlfield tag="003">DLC</controlfield>
  <controlfield tag="005">20090924075515.0</controlfield>
  <controlfield tag="008">090922n| acannaabn          |a aaa      </controlfield>
  <datafield tag="010" ind1=" " ind2=" ">
    <subfield code="a">nb2009023853</subfield>
  </datafield>
  <datafield tag="035" ind1=" " ind2=" ">
    <subfield code="a">(Uk)007576529</subfield>
  </datafield>
  <datafield tag="040" ind1=" " ind2=" ">
    <subfield code="a">Uk</subfield>
    <subfield code="b">eng</subfield>
    <subfield code="c">Uk</subfield>
  </datafield>
  <datafield tag="100" ind1="1" ind2=" ">
    <subfield code="a">Barnard, Wm. H.</subfield>
    <subfield code="q">(William H.)</subfield>
  </datafield>
  <datafield tag="400" ind1="1" ind2=" ">
    <subfield code="a">Barnard, William H.</subfield>
  </datafield>
  <datafield tag="670" ind1=" " ind2=" ">
    <subfield code="a">A short guide to the church and village of Hinton Martel, Dorset, 1968?:</subfield>
    <subfield code="b">t.p. (Reverend Wm.H. Barnard) p.4 (William H. Barnard)</subfield>
  </datafield>
</record>